<?xml version="1.0" encoding="UTF-8"?>
  <record xmlns="http://www.loc.gov/MARC21/slim" type="Authority">
    <leader>00000nz  a2200000nc 4500</leader>
    <controlfield tag="001">118958062</controlfield>
    <controlfield tag="003">DE-101</controlfield>
    <controlfield tag="005">20220509155241.0</controlfield>
    <controlfield tag="008">910213n||azznnaabn           | aaa    |c</controlfield>
    <datafield tag="024" ind1="7" ind2=" ">
      <subfield code="a">118958062</subfield>
      <subfield code="0">http://d-nb.info/gnd/118958062</subfield>
      <subfield code="2">gnd</subfield>
    </datafield>
    <datafield tag="035" ind1=" " ind2=" ">
      <subfield code="a">(DE-101)118958062</subfield>
    </datafield>
    <datafield tag="035" ind1=" " ind2=" ">
      <subfield code="a">(DE-588)118958062</subfield>
    </datafield>
    <datafield tag="035" ind1=" " ind2=" ">
      <subfield code="z">(DE-588)1089501633</subfield>
    </datafield>
    <datafield tag="035" ind1=" " ind2=" ">
      <subfield code="z">(DE-588)186232616</subfield>
    </datafield>
    <datafield tag="035" ind1=" " ind2=" ">
      <subfield code="z">(DE-588a)186232616</subfield>
      <subfield code="9">v:zg</subfield>
    </datafield>
    <datafield tag="035" ind1=" " ind2=" ">
      <subfield code="z">(DE-588a)118958062</subfield>
      <subfield code="9">v:zg</subfield>
    </datafield>
    <datafield tag="035" ind1=" " ind2=" ">
      <subfield code="z">(DE-588a)119683628</subfield>
    </datafield>
    <datafield tag="035" ind1=" " ind2=" ">
      <subfield code="z">(DE-588c)4251372-8</subfield>
      <subfield code="9">v:zg</subfield>
    </datafield>
    <datafield tag="040" ind1=" " ind2=" ">
      <subfield code="a">DE-12</subfield>
      <subfield code="c">DE-12</subfield>
      <subfield code="9">r:DE-12</subfield>
      <subfield code="b">ger</subfield>
      <subfield code="d">0103</subfield>
      <subfield code="e">rda</subfield>
    </datafield>
    <datafield tag="042" ind1=" " ind2=" ">
      <subfield code="a">gnd1</subfield>
    </datafield>
    <datafield tag="043" ind1=" " ind2=" ">
      <subfield code="c">ZZ</subfield>
    </datafield>
    <datafield tag="065" ind1=" " ind2=" ">
      <subfield code="a">3.6p</subfield>
      <subfield code="2">sswd</subfield>
    </datafield>
    <datafield tag="075" ind1=" " ind2=" ">
      <subfield code="b">p</subfield>
      <subfield code="2">gndgen</subfield>
    </datafield>
    <datafield tag="075" ind1=" " ind2=" ">
      <subfield code="b">piz</subfield>
      <subfield code="2">gndspec</subfield>
    </datafield>
    <datafield tag="079" ind1=" " ind2=" ">
      <subfield code="a">g</subfield>
      <subfield code="q">s</subfield>
      <subfield code="q">f</subfield>
      <subfield code="q">n</subfield>
      <subfield code="q">a</subfield>
      <subfield code="u">v</subfield>
      <subfield code="u">w</subfield>
    </datafield>
    <datafield tag="100" ind1="0" ind2=" ">
      <subfield code="a">Gennadius</subfield>
      <subfield code="c">Scholarius</subfield>
      <subfield code="d">1405-1472</subfield>
    </datafield>
    <datafield tag="375" ind1=" " ind2=" ">
      <subfield code="a">1</subfield>
      <subfield code="2">iso5218</subfield>
    </datafield>
    <datafield tag="400" ind1="0" ind2=" ">
      <subfield code="a">Gennadius</subfield>
      <subfield code="b">II.</subfield>
      <subfield code="c">von Konstantinopel</subfield>
      <subfield code="d">1405-1472</subfield>
    </datafield>
    <datafield tag="400" ind1="0" ind2=" ">
      <subfield code="a">Gennadios</subfield>
      <subfield code="c">Scholarios</subfield>
      <subfield code="d">1405-1472</subfield>
    </datafield>
    <datafield tag="400" ind1="0" ind2=" ">
      <subfield code="a">Georgios</subfield>
      <subfield code="c">Scholarios</subfield>
      <subfield code="d">1405-1472</subfield>
    </datafield>
    <datafield tag="400" ind1="0" ind2=" ">
      <subfield code="a">Gennadius</subfield>
      <subfield code="c">of Constantinople</subfield>
      <subfield code="d">1405-1472</subfield>
    </datafield>
    <datafield tag="400" ind1="0" ind2=" ">
      <subfield code="a">Ghenadie</subfield>
      <subfield code="c">Scholarios</subfield>
      <subfield code="d">1405-1472</subfield>
    </datafield>
    <datafield tag="400" ind1="0" ind2=" ">
      <subfield code="a">Gennade</subfield>
      <subfield code="c">de Constantinople</subfield>
      <subfield code="d">1405-1472</subfield>
    </datafield>
    <datafield tag="400" ind1="0" ind2=" ">
      <subfield code="a">Gennadius</subfield>
      <subfield code="b">II.</subfield>
      <subfield code="c">Patriarcha</subfield>
      <subfield code="d">1405-1472</subfield>
    </datafield>
    <datafield tag="400" ind1="0" ind2=" ">
      <subfield code="a">Gennadios</subfield>
      <subfield code="c">von Konstantinopel</subfield>
      <subfield code="d">1405-1472</subfield>
    </datafield>
    <datafield tag="400" ind1="0" ind2=" ">
      <subfield code="a">George</subfield>
      <subfield code="c">Scholarius</subfield>
      <subfield code="d">1405-1472</subfield>
    </datafield>
    <datafield tag="400" ind1="0" ind2=" ">
      <subfield code="a">Agnadius</subfield>
      <subfield code="c">Patriarcha</subfield>
      <subfield code="d">1405-1472</subfield>
    </datafield>
    <datafield tag="400" ind1="0" ind2=" ">
      <subfield code="a">Gennadius</subfield>
      <subfield code="c">Phaserum Metropolita</subfield>
      <subfield code="d">1405-1472</subfield>
    </datafield>
    <datafield tag="400" ind1="1" ind2=" ">
      <subfield code="a">Kourteses, Georgius</subfield>
      <subfield code="d">1405-1472</subfield>
    </datafield>
    <datafield tag="400" ind1="1" ind2=" ">
      <subfield code="a">Scholarius, Georgius</subfield>
      <subfield code="d">1405-1472</subfield>
    </datafield>
    <datafield tag="400" ind1="1" ind2=" ">
      <subfield code="a">Scholarius, Gennadius</subfield>
      <subfield code="d">1405-1472</subfield>
    </datafield>
    <datafield tag="400" ind1="0" ind2=" ">
      <subfield code="a">Georgius</subfield>
      <subfield code="c">Kourteses</subfield>
      <subfield code="d">1405-1472</subfield>
    </datafield>
    <datafield tag="400" ind1="0" ind2=" ">
      <subfield code="a">Gennadios</subfield>
      <subfield code="c">ho Scholarios</subfield>
      <subfield code="d">1405-1472</subfield>
    </datafield>
    <datafield tag="400" ind1="0" ind2=" ">
      <subfield code="a">Gennadius</subfield>
      <subfield code="b">II.</subfield>
      <subfield code="c">de Constantinopoli</subfield>
      <subfield code="d">1405-1472</subfield>
    </datafield>
    <datafield tag="400" ind1="0" ind2=" ">
      <subfield code="a">Gennadios</subfield>
      <subfield code="b">II.</subfield>
      <subfield code="c">of Constantinople</subfield>
      <subfield code="d">1405-1472</subfield>
    </datafield>
    <datafield tag="400" ind1="1" ind2=" ">
      <subfield code="a">Scholarios, Geōrgios</subfield>
      <subfield code="d">1405-1472</subfield>
    </datafield>
    <datafield tag="400" ind1="0" ind2=" ">
      <subfield code="a">Georgios</subfield>
      <subfield code="c">Kurtesis</subfield>
      <subfield code="d">1405-1472</subfield>
    </datafield>
    <datafield tag="400" ind1="1" ind2=" ">
      <subfield code="a">Kurtesis, Georgios</subfield>
      <subfield code="d">1405-1472</subfield>
    </datafield>
    <datafield tag="400" ind1="0" ind2=" ">
      <subfield code="a">Gennadius</subfield>
      <subfield code="b">II.</subfield>
      <subfield code="c">Constantinopolitanus</subfield>
      <subfield code="d">1405-1472</subfield>
    </datafield>
    <datafield tag="400" ind1="0" ind2=" ">
      <subfield code="a">Gennadios</subfield>
      <subfield code="b">II.</subfield>
      <subfield code="c">Konstantinopel, Patriarch</subfield>
      <subfield code="d">1405-1472</subfield>
    </datafield>
    <datafield tag="400" ind1="0" ind2=" ">
      <subfield code="a">Gennadius</subfield>
      <subfield code="c">Constantinopolitanus</subfield>
      <subfield code="d">1405-1472</subfield>
    </datafield>
    <datafield tag="400" ind1="0" ind2=" ">
      <subfield code="a">Georgius</subfield>
      <subfield code="c">Scholarius</subfield>
      <subfield code="d">1405-1472</subfield>
    </datafield>
    <datafield tag="400" ind1="0" ind2=" ">
      <subfield code="a">Gennadios</subfield>
      <subfield code="b">II</subfield>
      <subfield code="c">Patriarch von Konstantinopel</subfield>
      <subfield code="d">1405-1472</subfield>
    </datafield>
    <datafield tag="400" ind1="0" ind2=" ">
      <subfield code="a">Gennadios</subfield>
      <subfield code="d">1405-1472</subfield>
    </datafield>
    <datafield tag="400" ind1="0" ind2=" ">
      <subfield code="a">Gennadios</subfield>
      <subfield code="c">Constantinopolitanus, Patriarcha, II.</subfield>
      <subfield code="d">1405-1472</subfield>
    </datafield>
    <datafield tag="400" ind1="0" ind2=" ">
      <subfield code="a">Gennadios</subfield>
      <subfield code="c">Patriarchos</subfield>
      <subfield code="d">1405-1472</subfield>
    </datafield>
    <datafield tag="400" ind1="0" ind2=" ">
      <subfield code="a">Gennadius</subfield>
      <subfield code="d">1405-1472</subfield>
    </datafield>
    <datafield tag="400" ind1="0" ind2=" ">
      <subfield code="a">Gennadius</subfield>
      <subfield code="c">Constantinopel, Patriarch, II.</subfield>
      <subfield code="d">1405-1472</subfield>
    </datafield>
    <datafield tag="400" ind1="0" ind2=" ">
      <subfield code="a">Gennadius</subfield>
      <subfield code="c">Constantinopolis, Patriarcha, II.</subfield>
      <subfield code="d">1405-1472</subfield>
    </datafield>
    <datafield tag="400" ind1="0" ind2=" ">
      <subfield code="a">Gennadius</subfield>
      <subfield code="c">Constantinopolitanus, Patriarcha, II.</subfield>
      <subfield code="d">1405-1472</subfield>
    </datafield>
    <datafield tag="400" ind1="0" ind2=" ">
      <subfield code="a">Gennadius</subfield>
      <subfield code="c">Cptanus, Patriarcha</subfield>
      <subfield code="d">1405-1472</subfield>
    </datafield>
    <datafield tag="400" ind1="0" ind2=" ">
      <subfield code="a">Gennadius</subfield>
      <subfield code="c">Konstantinopel, Patriarch, II.</subfield>
      <subfield code="d">1405-1472</subfield>
    </datafield>
    <datafield tag="400" ind1="0" ind2=" ">
      <subfield code="a">Gennadius</subfield>
      <subfield code="c">Patriarchus</subfield>
      <subfield code="d">1405-1472</subfield>
    </datafield>
    <datafield tag="400" ind1="0" ind2=" ">
      <subfield code="a">Gennadius</subfield>
      <subfield code="c">Presbyter et deinde Episcopus</subfield>
      <subfield code="d">1405-1472</subfield>
    </datafield>
    <datafield tag="400" ind1="1" ind2=" ">
      <subfield code="a">Gennadius, D.</subfield>
      <subfield code="d">1405-1472</subfield>
    </datafield>
    <datafield tag="400" ind1="0" ind2=" ">
      <subfield code="a">Geōrgios</subfield>
      <subfield code="c">Kurtesēs Scholarios</subfield>
      <subfield code="d">1405-1472</subfield>
    </datafield>
    <datafield tag="400" ind1="0" ind2=" ">
      <subfield code="a">Geōrgios</subfield>
      <subfield code="c">Kurtesēs tu Scholariu</subfield>
      <subfield code="d">1405-1472</subfield>
    </datafield>
    <datafield tag="400" ind1="1" ind2=" ">
      <subfield code="a">Kurtesēs Scholarios, Geōrgios</subfield>
      <subfield code="d">1405-1472</subfield>
    </datafield>
    <datafield tag="400" ind1="1" ind2=" ">
      <subfield code="a">Kurtesēs tu Scholariu, Geōrgios</subfield>
      <subfield code="d">1405-1472</subfield>
    </datafield>
    <datafield tag="400" ind1="0" ind2=" ">
      <subfield code="a">Gennadius</subfield>
      <subfield code="c">Patriarcha, II.</subfield>
      <subfield code="d">1405-1472</subfield>
    </datafield>
    <datafield tag="400" ind1="0" ind2=" ">
      <subfield code="a">Gennadius</subfield>
      <subfield code="c">Patriarcha Constantinopolitanus</subfield>
      <subfield code="d">1405-1472</subfield>
    </datafield>
    <datafield tag="400" ind1="1" ind2=" ">
      <subfield code="a">Scholarios, Georgios</subfield>
      <subfield code="d">1405-1472</subfield>
    </datafield>
    <datafield tag="400" ind1="1" ind2=" ">
      <subfield code="a">Scholarius, Georges</subfield>
      <subfield code="d">1405-1472</subfield>
    </datafield>
    <datafield tag="500" ind1="0" ind2=" ">
      <subfield code="0">(DE-101)100967825</subfield>
      <subfield code="0">(DE-588)100967825</subfield>
      <subfield code="0">https://d-nb.info/gnd/100967825</subfield>
      <subfield code="a">Georgius</subfield>
      <subfield code="c">Chrysococces</subfield>
      <subfield code="d">-1336</subfield>
      <subfield code="4">bezb</subfield>
      <subfield code="4">https://d-nb.info/standards/elementset/gnd#professionalRelationship</subfield>
      <subfield code="w">r</subfield>
      <subfield code="i">Beziehung beruflich</subfield>
      <subfield code="e">Beziehung beruflich</subfield>
      <subfield code="9">v:Schüler</subfield>
    </datafield>
    <datafield tag="500" ind1="1" ind2=" ">
      <subfield code="0">(DE-101)119617714</subfield>
      <subfield code="0">(DE-588)119617714</subfield>
      <subfield code="0">https://d-nb.info/gnd/119617714</subfield>
      <subfield code="a">Benvoglienti, Fabio</subfield>
      <subfield code="4">beza</subfield>
      <subfield code="4">https://d-nb.info/standards/elementset/gnd#acquaintanceshipOrFriendship</subfield>
      <subfield code="w">r</subfield>
      <subfield code="i">Bekanntschaft</subfield>
      <subfield code="e">Bekanntschaft</subfield>
      <subfield code="9">v:VD-16 Mitverf.</subfield>
    </datafield>
    <datafield tag="500" ind1="1" ind2=" ">
      <subfield code="0">(DE-101)100571476</subfield>
      <subfield code="0">(DE-588)100571476</subfield>
      <subfield code="0">https://d-nb.info/gnd/100571476</subfield>
      <subfield code="a">Billerbeg, Franz &#152;von&#156;</subfield>
      <subfield code="4">beza</subfield>
      <subfield code="4">https://d-nb.info/standards/elementset/gnd#acquaintanceshipOrFriendship</subfield>
      <subfield code="w">r</subfield>
      <subfield code="i">Bekanntschaft</subfield>
      <subfield code="e">Bekanntschaft</subfield>
      <subfield code="9">v:VD-16 Mitverf.</subfield>
    </datafield>
    <datafield tag="500" ind1="1" ind2=" ">
      <subfield code="a">Brassicanus, Johannes Alexander</subfield>
      <subfield code="4">beza</subfield>
      <subfield code="4">https://d-nb.info/standards/elementset/gnd#acquaintanceshipOrFriendship</subfield>
      <subfield code="w">r</subfield>
      <subfield code="i">Bekanntschaft</subfield>
      <subfield code="e">Bekanntschaft</subfield>
      <subfield code="9">v:VD-16 Mitverf.</subfield>
    </datafield>
    <datafield tag="500" ind1="1" ind2=" ">
      <subfield code="0">(DE-101)119009137</subfield>
      <subfield code="0">(DE-588)119009137</subfield>
      <subfield code="0">https://d-nb.info/gnd/119009137</subfield>
      <subfield code="a">Chyträus, David</subfield>
      <subfield code="d">1531-1600</subfield>
      <subfield code="4">beza</subfield>
      <subfield code="4">https://d-nb.info/standards/elementset/gnd#acquaintanceshipOrFriendship</subfield>
      <subfield code="w">r</subfield>
      <subfield code="i">Bekanntschaft</subfield>
      <subfield code="e">Bekanntschaft</subfield>
      <subfield code="9">v:VD-16 Mitverf.</subfield>
    </datafield>
    <datafield tag="500" ind1="1" ind2=" ">
      <subfield code="0">(DE-101)118705695</subfield>
      <subfield code="0">(DE-588)118705695</subfield>
      <subfield code="0">https://d-nb.info/gnd/118705695</subfield>
      <subfield code="a">Hoeschel, David</subfield>
      <subfield code="d">1556-1617</subfield>
      <subfield code="4">beza</subfield>
      <subfield code="4">https://d-nb.info/standards/elementset/gnd#acquaintanceshipOrFriendship</subfield>
      <subfield code="w">r</subfield>
      <subfield code="i">Bekanntschaft</subfield>
      <subfield code="e">Bekanntschaft</subfield>
      <subfield code="9">v:VD-16 Mitverf.</subfield>
    </datafield>
    <datafield tag="500" ind1="1" ind2=" ">
      <subfield code="0">(DE-101)118595954</subfield>
      <subfield code="0">(DE-588)118595954</subfield>
      <subfield code="0">https://d-nb.info/gnd/118595954</subfield>
      <subfield code="a">Possevino, Antonio</subfield>
      <subfield code="d">1533-1611</subfield>
      <subfield code="4">beza</subfield>
      <subfield code="4">https://d-nb.info/standards/elementset/gnd#acquaintanceshipOrFriendship</subfield>
      <subfield code="w">r</subfield>
      <subfield code="i">Bekanntschaft</subfield>
      <subfield code="e">Bekanntschaft</subfield>
      <subfield code="9">v:VD-16 Mitverf.</subfield>
    </datafield>
    <datafield tag="500" ind1="1" ind2=" ">
      <subfield code="0">(DE-101)119638525</subfield>
      <subfield code="0">(DE-588)119638525</subfield>
      <subfield code="0">https://d-nb.info/gnd/119638525</subfield>
      <subfield code="a">Catena, Girolamo</subfield>
      <subfield code="d">ca. 16. Jh.</subfield>
      <subfield code="4">beza</subfield>
      <subfield code="4">https://d-nb.info/standards/elementset/gnd#acquaintanceshipOrFriendship</subfield>
      <subfield code="w">r</subfield>
      <subfield code="i">Bekanntschaft</subfield>
      <subfield code="e">Bekanntschaft</subfield>
      <subfield code="9">v:VD-16 Mitverf.</subfield>
    </datafield>
    <datafield tag="500" ind1="1" ind2=" ">
      <subfield code="0">(DE-101)119643529</subfield>
      <subfield code="0">(DE-588)119643529</subfield>
      <subfield code="0">https://d-nb.info/gnd/119643529</subfield>
      <subfield code="a">Cocco, Antonio</subfield>
      <subfield code="4">beza</subfield>
      <subfield code="4">https://d-nb.info/standards/elementset/gnd#acquaintanceshipOrFriendship</subfield>
      <subfield code="w">r</subfield>
      <subfield code="i">Bekanntschaft</subfield>
      <subfield code="e">Bekanntschaft</subfield>
      <subfield code="9">v:VD-16 Mitverf.</subfield>
    </datafield>
    <datafield tag="500" ind1="1" ind2=" ">
      <subfield code="0">(DE-101)119645114</subfield>
      <subfield code="0">(DE-588)119645114</subfield>
      <subfield code="0">https://d-nb.info/gnd/119645114</subfield>
      <subfield code="a">Contestabile, Pietro</subfield>
      <subfield code="4">beza</subfield>
      <subfield code="4">https://d-nb.info/standards/elementset/gnd#acquaintanceshipOrFriendship</subfield>
      <subfield code="w">r</subfield>
      <subfield code="i">Bekanntschaft</subfield>
      <subfield code="e">Bekanntschaft</subfield>
      <subfield code="9">v:VD-16 Mitverf.</subfield>
    </datafield>
    <datafield tag="500" ind1="1" ind2=" ">
      <subfield code="a">Margunius, Maximus</subfield>
      <subfield code="4">beza</subfield>
      <subfield code="4">https://d-nb.info/standards/elementset/gnd#acquaintanceshipOrFriendship</subfield>
      <subfield code="w">r</subfield>
      <subfield code="i">Bekanntschaft</subfield>
      <subfield code="e">Bekanntschaft</subfield>
      <subfield code="9">v:VD-16 Mitverf.</subfield>
    </datafield>
    <datafield tag="548" ind1=" " ind2=" ">
      <subfield code="a">1405-1472</subfield>
      <subfield code="4">datl</subfield>
      <subfield code="4">https://d-nb.info/standards/elementset/gnd#dateOfBirthAndDeath</subfield>
      <subfield code="w">r</subfield>
      <subfield code="i">Lebensdaten</subfield>
      <subfield code="9">v:Geburts- und Todesjahr ca.; Geburtsjahr 1398-1405; Todesjahr 1468-1472</subfield>
    </datafield>
    <datafield tag="550" ind1=" " ind2=" ">
      <subfield code="0">(DE-101)04173551X</subfield>
      <subfield code="0">(DE-588)4173551-1</subfield>
      <subfield code="0">https://d-nb.info/gnd/4173551-1</subfield>
      <subfield code="a">Patriarch</subfield>
      <subfield code="4">berc</subfield>
      <subfield code="4">https://d-nb.info/standards/elementset/gnd#professionOrOccupation</subfield>
      <subfield code="w">r</subfield>
      <subfield code="i">Charakteristischer Beruf</subfield>
    </datafield>
    <datafield tag="550" ind1=" " ind2=" ">
      <subfield code="0">(DE-101)04156443X</subfield>
      <subfield code="0">(DE-588)4156443-1</subfield>
      <subfield code="0">https://d-nb.info/gnd/4156443-1</subfield>
      <subfield code="a">Gelehrter</subfield>
      <subfield code="4">beru</subfield>
      <subfield code="4">https://d-nb.info/standards/elementset/gnd#professionOrOccupation</subfield>
      <subfield code="w">r</subfield>
      <subfield code="i">Beruf</subfield>
    </datafield>
    <datafield tag="551" ind1=" " ind2=" ">
      <subfield code="0">(DE-101)040278212</subfield>
      <subfield code="0">(DE-588)4027821-9</subfield>
      <subfield code="0">https://d-nb.info/gnd/4027821-9</subfield>
      <subfield code="a">Istanbul</subfield>
      <subfield code="4">ortg</subfield>
      <subfield code="4">https://d-nb.info/standards/elementset/gnd#placeOfBirth</subfield>
      <subfield code="w">r</subfield>
      <subfield code="i">Geburtsort</subfield>
    </datafield>
    <datafield tag="667" ind1=" " ind2=" ">
      <subfield code="a">12-PMA</subfield>
    </datafield>
    <datafield tag="667" ind1=" " ind2=" ">
      <subfield code="a">12</subfield>
    </datafield>
    <datafield tag="667" ind1=" " ind2=" ">
      <subfield code="a">VD-16; VD-17-</subfield>
    </datafield>
    <datafield tag="667" ind1=" " ind2=" ">
      <subfield code="a">Quelle: DNB-Normdaten (Info DNB: Z: |1405-1472 D: Patriarch; D: 4173551-1 Patriarch D: |Geburts- und Todesjahr ca.)</subfield>
    </datafield>
    <datafield tag="670" ind1=" " ind2=" ">
      <subfield code="a">Rep.Font. IV,672/75; LMA,IV,1234</subfield>
    </datafield>
    <datafield tag="670" ind1=" " ind2=" ">
      <subfield code="a">B 1986, M</subfield>
    </datafield>
    <datafield tag="672" ind1=" " ind2="0">
      <subfield code="a">Billerbeg, Franz von: Confessio fidei. 1582. (VD16 ZV 2036)</subfield>
    </datafield>
    <datafield tag="672" ind1=" " ind2="0">
      <subfield code="a">GENNADII SCHOLARII PATRIARCHAE CONSTANTINOPOLITANI DEFENSIO QVINQVE CAPITVM, QVAE ... 1581. (VD16 G 1238)</subfield>
    </datafield>
    <datafield tag="672" ind1=" " ind2="0">
      <subfield code="a">GENNADII SCHOLARII PATRIARCHae CONSTANTINOPOlitani de syncaeritate Christianae fidei Dialogus ... 1530. (VD16 G 1242)</subfield>
    </datafield>
    <datafield tag="672" ind1=" " ind2="0">
      <subfield code="a">GENNADIVS SCHOLARIVS, PATRIARCHA CONSTANTINOPOLITANVS DE PRAEDESTINATIONE. A DAVIDE ... 1594. (VD16 G 1240)</subfield>
    </datafield>
    <datafield tag="672" ind1=" " ind2="0">
      <subfield code="a">INTERROGATIONES et Responsiones DE PROCESSIONE SPIRITVS SANCTI A PATRE ET FILIO: ... 1583. (VD16 G 1239)</subfield>
    </datafield>
    <datafield tag="672" ind1=" " ind2="0">
      <subfield code="a">Defensio quinque capitum, quae in Florentina Synodo continentur .*</subfield>
      <subfield code="f">1581</subfield>
    </datafield>
    <datafield tag="672" ind1=" " ind2="0">
      <subfield code="a">Defensio V. capitum quae in sancta et oecumen. Florentina Synodo *</subfield>
      <subfield code="f">1581</subfield>
    </datafield>
    <datafield tag="672" ind1=" " ind2="0">
      <subfield code="a">Dialogus de via salutis humanae</subfield>
      <subfield code="f">1677</subfield>
    </datafield>
    <datafield tag="672" ind1=" " ind2="0">
      <subfield code="a">Confessio dicta de recta et sincera fide Christianorum ad Agarenos. - s.a.</subfield>
    </datafield>
    <datafield tag="672" ind1=" " ind2="0">
      <subfield code="a">Geōrgiontu Scholariu to stygmata: ... Peri tōn aitiōn tu schis*. - [1625 - 1626]</subfield>
    </datafield>
    <datafield tag="672" ind1=" " ind2="0">
      <subfield code="a">Anecdotum de providentia Dei opusculum</subfield>
      <subfield code="f">1825</subfield>
    </datafield>
    <datafield tag="672" ind1=" " ind2="0">
      <subfield code="a">Dialogus de sinceritate Christianae fidei</subfield>
      <subfield code="f">1530</subfield>
    </datafield>
    <datafield tag="672" ind1=" " ind2="0">
      <subfield code="a">Homiliae de Sacramento euchar.</subfield>
      <subfield code="f">1709</subfield>
    </datafield>
    <datafield tag="672" ind1=" " ind2="0">
      <subfield code="a">De praedestinatione</subfield>
      <subfield code="f">1594</subfield>
    </datafield>
    <datafield tag="672" ind1=" " ind2="0">
      <subfield code="a">Gennadius de praedestinatione</subfield>
      <subfield code="f">1681</subfield>
    </datafield>
    <datafield tag="678" ind1=" " ind2=" ">
      <subfield code="b">Patriarch</subfield>
    </datafield>
    <datafield tag="700" ind1="0" ind2="4">
      <subfield code="9">U:Grek</subfield>
      <subfield code="a">Γεννάδιος</subfield>
      <subfield code="c">Σχολάριος</subfield>
      <subfield code="d">1405-1472</subfield>
      <subfield code="9">v:Original</subfield>
    </datafield>
    <datafield tag="913" ind1=" " ind2=" ">
      <subfield code="S">pnd</subfield>
      <subfield code="i">5</subfield>
      <subfield code="a">Gennadius &lt;Scholarius&gt;</subfield>
      <subfield code="0">(DE-588a)118958062</subfield>
    </datafield>
    <datafield tag="913" ind1=" " ind2=" ">
      <subfield code="S">pnd</subfield>
      <subfield code="i">5</subfield>
      <subfield code="a">Gennadios &lt;Konstantinopel, Patriarch, II.&gt;</subfield>
      <subfield code="0">(DE-588a)118958062</subfield>
    </datafield>
    <datafield tag="913" ind1=" " ind2=" ">
      <subfield code="S">pnd</subfield>
      <subfield code="i">5</subfield>
      <subfield code="a">Gennadius &lt;Scholarius&gt;</subfield>
      <subfield code="0">(DE-588a)186232616</subfield>
    </datafield>
  </record>
